@Article{inter,
author = {},
title = {'{Intersection between two files}'},
journal = {\url{http://www.commandlinefu.com/commands/view/5710/intersection-between-two-files}},
year = {May1,2015},
}

@Article{time,
author = {},
title = {'{Time Travel APIs}'},
journal = {\url{http://timetravel.mementoweb.org/guide/api/}},
year = {May1,2015},
}

