@Article{hadoop,
author = {Dennis Dawson},
title = {Hadoop MapReduce Tutorial},
journal = {},
year = {2014},
OPTkey = {•},
OPTvolume = {•},
OPTnumber = {},
OPTpages = {•},
OPTmonth = {•},
OPTnote = {},
OPTannote = {}
}

@Article{boilerpipe,
author = {Christian Kohlschütter},
title = {boilerpipe - Boilerplate Removal and Fulltext Extraction from HTML pages},
journal = {},
year = {•},
OPTkey = {•},
OPTvolume = {•},
OPTnumber = {},
OPTpages = {•},
OPTmonth = {•},
OPTnote = {https://code.google.com/p/boilerpipe},
OPTannote = {}
}

